@inproceedings{morozov16,
author = "Dmitriy Morozov and Tom Peterka",
title = "{Block-Parallel Data Analysis with DIY2}",
booktitle = "Proceedings of the 2016 IEEE Large Data Analysis and Visualization Symposium LDAV'16",
address = "Baltimore, MD, USA",
year = "2016"
}

@article{dongarra13,
  title={{MPI: A Message-Passing Interface Standard Version 3.0}},
  author={Dongarra, Jack and others},
  journal={High Performance Computing Center Stuttgart (HLRS)},
  year={2013}
}

@article{dalcin11,
  title={{Parallel Distributed Computing using Python}},
  author={Dalcin, Lisandro D and Paz, Rodrigo R and Kler, Pablo A and Cosimo, Alejandro},
  journal={Advances in Water Resources},
  volume={34},
  number={9},
  pages={1124--1139},
  year={2011},
  publisher={Elsevier}
}

@misc{pydiy,
    title = {{pyDIY: Python Bindings for the DIY Library for Block-Parallel Data Analysis}},
    author = {Dmitriy Morozov},
    howpublished={https://gitlab.kitware.com/mrzv/pydiy},
}

@misc{jakob17,
  title={{pybind11--Seamless Operability Between C++ 11 and Python}},
  author={Jakob, Wenzel and Rhinelander, Jason and Moldovan, Dean},
  year={2017}
}

